{
  "leader": "01758cam  22003851  4500",
  "fields": [
    {
      "001": "ocm00204083\\"
    },
    {
      "003": "OCoLC"
    },
    {
      "005": "20211115095135.0"
    },
    {
      "008": "811121s1950\\\\\\\\nyu\\\\\\\\\\\\b\\\\\\\\000\\0\\eng\\\\"
    },
    {
      "010": {
        "ind1": "\\",
        "ind2": "\\",
        "subfields": [
          {
            "a": "   50006656 "
          }
        ]
      }
    },
    {
      "040": {
        "ind1": "\\",
        "ind2": "\\",
        "subfields": [
          {
            "a": "NLM"
          },
          {
            "b": "eng"
          },
          {
            "c": "NLM"
          },
          {
            "d": "WSU"
          },
          {
            "d": "CDU"
          },
          {
            "d": "UKM"
          },
          {
            "d": "DRB"
          },
          {
            "d": "SHS"
          },
          {
            "d": "NIALS"
          },
          {
            "d": "CNMBL"
          },
          {
            "d": "TULIB"
          },
          {
            "d": "OCLCF"
          },
          {
            "d": "OCLCQ"
          },
          {
            "d": "GZW"
          },
          {
            "d": "OCLCO"
          },
          {
            "d": "OCLCQ"
          },
          {
            "d": "CSJ"
          },
          {
            "d": "OCLCA"
          },
          {
            "d": "OCLCQ"
          },
          {
            "d": "CPO"
          },
          {
            "d": "OCLCQ"
          },
          {
            "d": "DCHUA"
          },
          {
            "d": "OCLCQ"
          },
          {
            "d": "NZ1"
          },
          {
            "d": "UKMGB"
          },
          {
            "d": "OIP"
          },
          {
            "d": "OCLCO"
          }
        ]
      }
    },
    {
      "016": {
        "ind1": "7",
        "ind2": "\\",
        "subfields": [
          {
            "a": "49030760R"
          },
          {
            "2": "DNLM"
          }
        ]
      }
    },
    {
      "016": {
        "ind1": "7",
        "ind2": "\\",
        "subfields": [
          {
            "a": "006984096"
          },
          {
            "2": "Uk"
          }
        ]
      }
    },
    {
      "019": {
        "ind1": "\\",
        "ind2": "\\",
        "subfields": [
          {
            "a": "70320425"
          },
          {
            "a": "1000733304"
          },
          {
            "a": "1011849888"
          },
          {
            "a": "1078476746"
          },
          {
            "a": "1080136191"
          },
          {
            "a": "1124217145"
          },
          {
            "a": "1166999137"
          },
          {
            "a": "1205367567"
          }
        ]
      }
    },
    {
      "035": {
        "ind1": "\\",
        "ind2": "\\",
        "subfields": [
          {
            "a": "(OCoLC)204083"
          },
          {
            "z": "(OCoLC)70320425"
          },
          {
            "z": "(OCoLC)1000733304"
          },
          {
            "z": "(OCoLC)1011849888"
          },
          {
            "z": "(OCoLC)1078476746"
          },
          {
            "z": "(OCoLC)1080136191"
          },
          {
            "z": "(OCoLC)1124217145"
          },
          {
            "z": "(OCoLC)1166999137"
          },
          {
            "z": "(OCoLC)1205367567"
          }
        ]
      }
    },
    {
      "050": {
        "ind1": "0",
        "ind2": "0",
        "subfields": [
          {
            "a": "BF721"
          },
          {
            "b": ".P58"
          }
        ]
      }
    },
    {
      "060": {
        "ind1": "0",
        "ind2": "0",
        "subfields": [
          {
            "a": "WS 105"
          },
          {
            "b": "P713e 1950"
          }
        ]
      }
    },
    {
      "082": {
        "ind1": "0",
        "ind2": "4",
        "subfields": [
          {
            "a": "305.231"
          },
          {
            "b": "PLA"
          }
        ]
      }
    },
    {
      "100": {
        "ind1": "1",
        "ind2": "\\",
        "subfields": [
          {
            "a": "Plant, James S."
          },
          {
            "q": "(James Stuart),"
          },
          {
            "d": "1890-1947."
          }
        ]
      }
    },
    {
      "245": {
        "ind1": "1",
        "ind2": "4",
        "subfields": [
          {
            "a": "The envelope :"
          },
          {
            "b": "a study of the impact of the world upon the child /"
          },
          {
            "c": "James S. Plant."
          }
        ]
      }
    },
    {
      "260": {
        "ind1": "\\",
        "ind2": "\\",
        "subfields": [
          {
            "a": "New York :"
          },
          {
            "b": "Commonwealth Fund,"
          },
          {
            "c": "1950."
          }
        ]
      }
    },
    {
      "300": {
        "ind1": "\\",
        "ind2": "\\",
        "subfields": [
          {
            "a": "299 pages ;"
          },
          {
            "c": "24 cm"
          }
        ]
      }
    },
    {
      "336": {
        "ind1": "\\",
        "ind2": "\\",
        "subfields": [
          {
            "a": "text"
          },
          {
            "b": "txt"
          },
          {
            "2": "rdacontent"
          }
        ]
      }
    },
    {
      "337": {
        "ind1": "\\",
        "ind2": "\\",
        "subfields": [
          {
            "a": "unmediated"
          },
          {
            "b": "n"
          },
          {
            "2": "rdamedia"
          }
        ]
      }
    },
    {
      "338": {
        "ind1": "\\",
        "ind2": "\\",
        "subfields": [
          {
            "a": "volume"
          },
          {
            "b": "nc"
          },
          {
            "2": "rdacarrier"
          }
        ]
      }
    },
    {
      "504": {
        "ind1": "\\",
        "ind2": "\\",
        "subfields": [
          {
            "a": "Bibliographical footnotes. Bibliography: pages 265-266."
          }
        ]
      }
    },
    {
      "650": {
        "ind1": "\\",
        "ind2": "0",
        "subfields": [
          {
            "a": "Child development."
          }
        ]
      }
    },
    {
      "650": {
        "ind1": "\\",
        "ind2": "0",
        "subfields": [
          {
            "a": "Child psychology."
          }
        ]
      }
    },
    {
      "650": {
        "ind1": "\\",
        "ind2": "7",
        "subfields": [
          {
            "a": "Child development."
          },
          {
            "2": "fast"
          },
          {
            "0": "(OCoLC)fst00854393"
          }
        ]
      }
    },
    {
      "650": {
        "ind1": "\\",
        "ind2": "7",
        "subfields": [
          {
            "a": "Child psychology."
          },
          {
            "2": "fast"
          },
          {
            "0": "(OCoLC)fst00854540"
          }
        ]
      }
    },
    {
      "650": {
        "ind1": "\\",
        "ind2": "2",
        "subfields": [
          {
            "a": "Child Development"
          }
        ]
      }
    },
    {
      "776": {
        "ind1": "0",
        "ind2": "8",
        "subfields": [
          {
            "i": "Online version:"
          },
          {
            "a": "Plant, James S. (James Stuart), 1890-1947."
          },
          {
            "t": "Envelope, a study of the impact of the world upon the child."
          },
          {
            "d": "Commonwealth Fund, 1950"
          },
          {
            "w": "(OCoLC)564044042"
          }
        ]
      }
    },
    {
      "994": {
        "ind1": "\\",
        "ind2": "\\",
        "subfields": [
          {
            "a": "Z0"
          },
          {
            "b": "NYRVC"
          }
        ]
      }
    },
    {
      "948": {
        "ind1": "\\",
        "ind2": "\\",
        "subfields": [
          {
            "h": "NO HOLDINGS IN NYRVC - 382 OTHER HOLDINGS"
          }
        ]
      }
    },
    {
      "999": {
        "ind1": "\\",
        "ind2": "\\",
        "subfields": [
          {
            "a": "no barcodes"
          }
        ]
      }
    }
  ]
}